@book{pressman,
    author = {Pressman},
    year = {2010},
    title = {Ingeniería del software. New York: The McGraw-Hill Companies},
}

@book{scrum-master,
    author = {Alexander Menzinsky and Gertrudis López and Juan Palacio},
    year = {2019},
    month = {01},
    title = {Scrum MasterScrum Manager-Troncal I},
}

@inproceedings{ingenieria-requisitos-app-web,
    author = {Escalona, M.J. and Koch, Nora},
    year = {2003},
    month = {01},
    pages = {},
    title = {Ingenieria de Requisitos en Aplicaciones para la Web: Un estudio Comparativo}
}

@article{Combéfis-Wautelet,
    author = {Combéfis, Sébastien and Wautelet, J.},
    year = {2014},
    month = {07},
    pages = {21-34},
    title = {Programming Trainings and Informatics Teaching Through Online Contests},
    volume = {8}
}

@article{Combéfis-Saint_Marcq,
    author = {Combéfis, Sébastien and Saint-Marcq, Vianney},
    year = {2012},
    month = {07},
    title = {Teaching Programming and Algorithm Design with Pythia, a Web-Based Learning Platform},
    volume = {6}
}

@unknown{Balanskat-Engelhardt,
    author = {Balanskat, Anja and Engelhardt, Katja},
    year = {2015},
    month = {10},
    pages = {},
    title = {Computing our future: Computer programming and coding - Priorities, school curricula and initiatives across Europe}
}

@INPROCEEDINGS{Wing,
    author={J. M. {Wing}},
    booktitle={2011 IEEE Symposium on Visual Languages and Human-Centric Computing (VL/HCC)},
    title={Computational thinking},
    year={2011},
    volume={},
    number={},
}

@misc{icpc-glogal,
    author={{ICPC Global}},
    title={{About ICPC }},
    year = {2020},
    month = {07},
    note={Recuperado 29 de julio de 2020, de \url{https://icpc.global/regionals/abouticpc}}
}

@article{KURNIA2001299,
    title = "Online Judge",
    journal = "Computers \& Education",
    volume = "36",
    number = "4",
    pages = "299 - 315",
    year = "2001",
    issn = "0360-1315",
    doi = "https://doi.org/10.1016/S0360-1315(01)00018-5",
    url = "http://www.sciencedirect.com/science/article/pii/S0360131501000185",
    author = "Andy Kurnia and Andrew Lim and Brenda Cheang",
    keywords = "Automatic grading system, Online judge, Programming assignments",
    abstract = "This report describes and evaluates the implementation and applicability of an automatic programming assignment grading system we named the online judge. We compared this with the manual grading system that is currently being used and showed that the automatic grading system, when implemented carefully, is more convenient, fairer, and more secure than the former. We have successfully tested the system on two courses. However, further studies need to be conducted to improve the effectiveness of learning through this system."
}

@misc{codeforces,
    author={{Codeforces}},
    title={{About Codeforces }},
    note={Recuperado 29 de julio de 2020, de \url{https://codeforces.com/}}
}

@misc{spoj,
    author={{SPOJ}},
    title={{About SPOJ }},
    year = {2020},
    month = {07},
    note={Recuperado 29 de julio de 2020, de \url{https://www.spoj.com/}}
}

@misc{topcoder,
    author={{TopCoder}},
    title={{About SRM }},
    note={Recuperado 29 de julio de 2020, de \url{https://www.topcoder.com/}}
}

@misc{codechef,
    author={{CodeChef}},
    title={{About CodeChef }},
    note={Recuperado 29 de julio de 2020, de \url{https://www.codechef.com/}}
}

@INPROCEEDINGS{frontend-backend,
    author={H. M. {Abdullah} and A. M. {Zeki}},
    booktitle={2014 3rd International Conference on Advanced Computer Science Applications and Technologies},
    title={Frontend and Backend Web Technologies in Social Networking Sites: Facebook as an Example},
    year={2014},
    volume={},
    number={},
    pages={85-89}
}

@misc{visualgo,
    author={{Visualgo}},
    title={{About Visualgo}},
    year = {2020},
    note={Recuperado 30 de julio de 2020, de \url{https://visualgo.net/}}
}

@misc{algoexpert,
    author={{Algoexpert}},
    title={{About Algoexpoert.io}},
    note={Recuperado 30 de julio de 2020, de \url{https://www.algoexpert.io}}
}

@misc{coursera,
    author={{Coursera}},
    title={{About Coursera}},
    year = {2020},
    month = {07},
    note={Recuperado 30 de julio de 2020, de \url{https://about.coursera.org/}}
}

// Marco Teórico: Método de Métodos Mixtos

@book{Creswell2018,
  title={Designing and conducting mixed methods research},
  author={Creswell, John W and Plano Clark, Vicki L},
  year={2018},
  publisher={Sage publications}
}

@book{Johnson2017,
  title={Mixed methods research: A research paradigm whose time has come},
  author={Johnson, R Burke and Onwuegbuzie, Anthony J and Turner, Lisa A},
  year={2017},
  publisher={Journal of Mixed Methods Research}
}

@article{Tashakkori2003,
  title={Handbook of mixed methods in social \& behavioral research},
  author={Tashakkori, Abbas and Teddlie, Charles},
  year={2003},
  publisher={Sage}
}

@book{Greene2007,
  title={Mixed methods in social inquiry},
  author={Greene, Jennifer C and Caracelli, Valerie J and Graham, Wendy F},
  year={2007},
  publisher={John Wiley \& Sons}
}

@article{Ivankova2006,
  title={Using mixed-methods sequential explanatory design: From theory to practice},
  author={Ivankova, NV and Creswell, JW and Stick, SL},
  year={2006},
  publisher={Field methods}
}

@article{Teddlie2003,
  title={The past and future of mixed methods research: From data triangulation to mixed model designs},
  author={Teddlie, Charles and Tashakkori, Abbas},
  year={2003},
  publisher={Handbook of mixed methods in social \& behavioral research}
}

@article{Jick1979,
  title={Mixing qualitative and quantitative methods: Triangulation in action},
  author={Jick, Todd D},
  year={1979},
  publisher={Administrative science quarterly}
}

@article{Morse1991,
  title={Approaches to qualitative-quantitative methodological triangulation},
  author={Morse, Janice M},
  year={1991},
  publisher={Nursing research}
}

@book{Bryman2006,
  title={Mixed methods: A four-volume set},
  author={Bryman, Alan},
  year={2006},
  publisher={Sage}
}

@article{Onwuegbuzie2003,
  title={A framework for analyzing data in mixed-methods research},
  author={Onwuegbuzie, Anthony J and Teddlie, Charles},
  year={2003},
  publisher={Handbook of mixed methods in social \& behavioral research}
}

// Marco Teórico: Metodología SCRUM

@book{schwaber2020guia,
  title={La Guía de Scrum: Las reglas del juego},
  author={Schwaber, Ken and Sutherland, Jeff},
  year={2020},
  publisher={Scrum Guides}
}

@book{rubin2012essential,
  title={Essential Scrum: A Practical Guide to the Most Popular Agile Process},
  author={Rubin, Kenneth S.},
  year={2012},
  publisher={Addison-Wesley Professional}
}

@book{cohn2010suceeding,
  title={Succeeding with Agile: Software Development Using Scrum},
  author={Cohn, Mike},
  year={2010},
  publisher={Addison-Wesley Professional}
}

@book{sutherland2014scrum,
  title={Scrum: The Art of Doing Twice the Work in Half the Time},
  author={Sutherland, Jeff},
  year={2014},
  publisher={Crown Business}
}

// MARCO TEORICO: MERN

@book{choquet2018mongodb,
  title={MongoDB Applied Design Patterns},
  author={Choquet, Rick},
  year={2018},
  publisher={O'Reilly Media}
}

@book{holmes2014pro,
  title={Pro Express.js},
  author={Holmes, Azat},
  year={2014},
  publisher={Apress}
}

@book{tilkov2016node,
  title={Node.js: Design and Implementation},
  author={Tilkov, Slobodan},
  year={2016},
  publisher={Packt Publishing}
}

@misc{vercel2023next,
  title={Next.js Documentation},
  author={Vercel},
  year={2023},
  howpublished={\url{https://nextjs.org/docs}}
}

@book{basham2018developing,
  title={Developing with React},
  author={Basham, Kirupa Chinnathambi},
  year={2018},
  publisher={O'Reilly Media}
}

@book{rahman2017learning,
  title={Learning Web App Development},
  author={Rahman, Semmy Purewal},
  year={2017},
  publisher={O'Reilly Media}
}

@book{flanagan2011javascript,
  title={JavaScript: The Definitive Guide},
  author={Flanagan, David},
  year={2011},
  publisher={O'Reilly Media}
}

// MARCO TEORICO: Calidad y seguridad

@misc{iso25000,
  title = {ISO/IEC 25000:2014},
  author = {International Organization for Standardization},
  year = {2014},
  url = {https://www.iso.org/standard/64764.html}
}

@misc{iso27034,
  title = {ISO/IEC 27034-1:2011},
  author = {International Organization for Standardization},
  year = {2011},
  url = {https://www.iso.org/standard/54535.html}
}

// MARCO TEORICO: Contenido basico Programacion Competitiva

@book{skiena2008algorithm,
  title={The Algorithm Design Manual},
  author={Skiena, Steven S},
  year={2008},
  publisher={Springer Science \& Business Media}
}

@book{stroustrup2013c++,
  title={The C++ Programming Language},
  author={Stroustrup, Bjarne},
  year={2013},
  publisher={Addison-Wesley}
}

@book{ahmed2020competitive,
  title={Competitive Programming 4},
  author={Ahmed, Steven and Halim, Felix and Halim, Suhendry},
  year={2020},
  publisher={Lulu.com}
}

@book{menezes2018tools,
  title={Tools and Techniques for Competitive Programming},
  author={Menezes, Rafael},
  year={2018},
  publisher={Packt Publishing Ltd}
}

@book{leon2017online,
  title={Online Judges for Competitive Programming},
  author={Leon, Rodney and Smith, John},
  year={2017},
  publisher={O'Reilly Media}
}

@book{gaddis2018starting,
  title={Starting Out with C++: Early Objects},
  author={Gaddis, Tony},
  year={2018},
  publisher={Pearson}
}
